<?xml version="1.0" encoding="UTF-8"?><collection xmlns="http://www.loc.gov/MARC21/slim"><record><leader>00477nam--2200181-i-4500</leader><controlfield tag="001">000002609</controlfield><controlfield tag="002">20161230</controlfield><controlfield tag="005">20170206085248</controlfield><controlfield tag="008">060222s1000------------r-----000-0-eng-d</controlfield><datafield ind1=" " ind2=" " tag="040"><subfield code="a">IFIN-HH</subfield></datafield><datafield ind1=" " ind2=" " tag="080"><subfield code="a">539.2:669.017</subfield></datafield><datafield ind1="1" ind2=" " tag="100"><subfield code="a">Chalmers, Bruce</subfield></datafield><datafield ind1="1" ind2="0" tag="245"><subfield code="a">Progress in Metal Physics</subfield><subfield code="b">Vol. 4</subfield><subfield code="c">Bruce Chalmers (ed.)</subfield></datafield><datafield ind1=" " ind2=" " tag="260"><subfield code="a">London</subfield><subfield code="b">Pergamon Press, Ltd</subfield><subfield code="c">1953</subfield></datafield><datafield ind1=" " ind2=" " tag="300"><subfield code="a">403p</subfield></datafield><datafield ind1=" " ind2=" " tag="490"><subfield code="a">Progress Series</subfield></datafield><datafield ind1=" " ind2=" " tag="852"><subfield code="a">10017</subfield><subfield code="c">539.2</subfield></datafield><datafield ind1=" " ind2=" " tag="CAT"><subfield code="a">SYS</subfield><subfield code="c">20170206</subfield><subfield code="h">085248</subfield></datafield></record></collection>